@misc{wikiTriang,
    title={https://pt.wikipedia.org/wiki/triangulação_(geometria)},
    url={https://pt.wikipedia.org/wiki/triangulação_(geometria)},
    journal={Triangulação (geometria)}}

@book{bergBook,
    edition={third},
    title={Computational Geometry Algorithms and Applications},
    publisher={Springer},
    author={de Berg, Mark and Cheong, Otfried and Kreveld, Marc van and Overmars, Mark},
    year={2008}}
