@book{bergBook,
    edition={third},
    title={Computational Geometry Algorithms and Applications},
    publisher={Springer},
    author={de Berg, Mark and Cheong, Otfried and Kreveld, Marc van and Overmars, Mark},
    year={2008},
}


@book{descartesPP,
    title={Principie Philosophae},
    author={R. Descartes},
    publisher = {Ludovicus Elzevirius, Amsterdam},
    year={1644},
}

@article{LejeuneDirichlet1850,
    author = {Lejeune Dirichlet, G.},
    journal = {Journal für die reine und angewandte Mathematik},
    language = {ger},
    pages = {209-227},
    title = {Über die Reduction der positiven quadratischen Formen mit drei unbestimmten ganzen Zahlen.},
    url = {http://eudml.org/doc/147457},
    volume = {40},
    year = {1850},
}

@article{Voronoi1909,
    author = {Voronoi, Georges},
    journal = {Journal für die reine und angewandte Mathematik},
    keywords = {quadratic forms in many variables; equivalence class of quadratic forms},
    language = {fre},
    pages = {67-182},
    title = {Nouvelles applications des paramètres continus à théorie des formes quadratiques. Deuxième Mémoire. Recherches sur les paralléloèdres primitifs.},
    url = {http://eudml.org/doc/149311},
    volume = {136},
    year = {1909},
}

@article{Voronoi1908,
    author = {Voronoi, Georges},
    journal = {Journal für die reine und angewandte Mathematik},
    keywords = {quadratic forms in many variables; equivalence class of quadratic forms},
    pages = {198-287},
    title = {Nouvelles applications des paramètres continus à la théorie des formes quadratiques. Deuxième mémoire. Recherches sur les parallélloèdres primitifs.},
    url = {http://eudml.org/doc/149291},
    volume = {134},
    year = {1908},
}

@article{Delaunay1934,
    author = {Delaunay, Boris},
    citeulike-article-id = {12792239},
    citeulike-linkout-0 = {http://www.mathnet.ru/php/archive.phtml?wshow=paper\&\#38;jrnid=im\&\#38;paperid=4937\&\#38;option\_lang=eng},
    journal = {Bulletin de l'Acad\'{e}mie des Sciences de l'URSS},
    number = {6},
    pages = {793--800},
    posted-at = {2013-11-17 23:15:24},
    priority = {2},
    title = {{Sur la sph\`{e}re vide. A la m\'{e}moire de Georges Vorono\"{i}}},
    url = {http://www.mathnet.ru/php/archive.phtml?wshow=paper\&\#38;jrnid=im\&\#38;paperid=4937\&\#38;option\_lang=eng},
    year = {1934}
}

@inproceedings{ShamosHoey1975,
    author = {Shamos, Michael Ian and Hoey, Dan},
    title = {Closest-point Problems},
    booktitle = {Proceedings of the 16th Annual Symposium on Foundations of Computer Science},
    series = {SFCS '75},
    year = {1975},
    pages = {151--162},
    numpages = {12},
    url = {http://dx.doi.org/10.1109/SFCS.1975.8},
    doi = {10.1109/SFCS.1975.8},
    acmid = {1382488},
    publisher = {IEEE Computer Society},
    address = {Washington, DC, USA},
} 

@article{Edelsbrunner1986,
    author = {Edelsbrunner, H., Seidel, Raimund},
    journal = {Discrete & computational geometry},
    keywords = {algorithm; order-equivalent function collections; hyperplane and paraboloid arrangements; Voronoi diagram with respect to - arrangements; survey},
    pages = {25-44},
    title = {Voroni Diagrams and Arrangements.},
    url = {http://eudml.org/doc/130979},
    volume = {1},
    year = {1986},
}

@inproceedings{Fortune1986,
    author = {Fortune, S},
    title = {A Sweepline Algorithm for Voronoi Diagrams},
    booktitle = {Proceedings of the Second Annual Symposium on Computational Geometry},
    series = {SCG '86},
    year = {1986},
    isbn = {0-89791-194-6},
    location = {Yorktown Heights, New York, USA},
    pages = {313--322},
    numpages = {10},
    url = {http://doi.acm.org/10.1145/10515.10549},
    doi = {10.1145/10515.10549},
    acmid = {10549},
    publisher = {ACM},
    address = {New York, NY, USA},
} 

@article{Watson81,
    abstract = {{The Delaunay tessellation in n-dimensional space is a space-filling aggregate of n-simplices. These n-simplices are the dual forms of the vertices in the commonly used Voronoi tessellation. Several efforts have been made to simulate the 2-dimensional Voronoi tessellation on the computer. Additional problems occur for the 3 and higher dimensional implementations but some of these can be avoided by alternatively computing the dual Delaunay tessellation. An algorithm that finds the topological relationships in these tessellations is given.}},
    author = {Watson, D. F.},
    citeulike-article-id = {3340410},
    citeulike-linkout-0 = {http://dx.doi.org/10.1093/comjnl/24.2.167},
    citeulike-linkout-1 = {http://comjnl.oxfordjournals.org/content/24/2/167.abstract},
    citeulike-linkout-2 = {http://comjnl.oxfordjournals.org/content/24/2/167.full.pdf},
    citeulike-linkout-3 = {http://comjnl.oxfordjournals.org/cgi/content/abstract/24/2/167},
    day = {01},
    doi = {10.1093/comjnl/24.2.167},
    issn = {1460-2067},
    journal = {The Computer Journal},
    month = jan,
    number = {2},
    pages = {167--172},
    posted-at = {2010-11-11 09:56:27},
    priority = {2},
    publisher = {Oxford University Press},
    title = {{Computing the n-dimensional Delaunay tessellation with application to Voronoi polytopes}},
    url = {http://dx.doi.org/10.1093/comjnl/24.2.167},
    volume = {24},
    year = {1981}
}


@article{Hoffmann1989,
    author = {Hoffmann, Christoph M.},
    title = {The Problems of Accuracy and Robustness in Geometric Computation},
    journal = {Computer},
    issue_date = {March 1989},
    volume = {22},
    number = {3},
    month = mar,
    year = {1989},
    issn = {0018-9162},
    pages = {31--40},
    numpages = {10},
    url = {http://dx.doi.org/10.1109/2.16223},
    doi = {10.1109/2.16223},
    acmid = {63256},
    publisher = {IEEE Computer Society Press},
    address = {Los Alamitos, CA, USA},
} 

@inproceedings{Ledoux2007,
    author = {Ledoux, Hugo},
    title = {Computing the 3D Voronoi Diagram Robustly: An Easy Explanation},
    booktitle = {Proceedings of the 4th International Symposium on Voronoi Diagrams in Science and Engineering},
    series = {ISVD '07},
    year = {2007},
    isbn = {0-7695-2869-4},
    pages = {117--129},
    numpages = {13},
    url = {http://dx.doi.org/10.1109/ISVD.2007.10},
    doi = {10.1109/ISVD.2007.10},
    acmid = {1271522},
    publisher = {IEEE Computer Society},
    address = {Washington, DC, USA},
} 

@article{Guibas1985,
    author = {Guibas, Leonidas and Stolfi, Jorge},
    title = {Primitives for the Manipulation of General Subdivisions and the Computation of Voronoi},
    journal = {ACM Trans. Graph.},
    issue_date = {April 1985},
    volume = {4},
    number = {2},
    month = apr,
    year = {1985},
    issn = {0730-0301},
    pages = {74--123},
    numpages = {50},
    url = {http://doi.acm.org/10.1145/282918.282923},
    doi = {10.1145/282918.282923},
    acmid = {282923},
    publisher = {ACM},
    address = {New York, NY, USA},
    keywords = {Euler operators, Voronoi and Delaunay diagrams, closest point, computational topology, convex hull, geometric primitives, nearest neighbours, planar graphs, point location, representation of polynedra, trianglations},
}

@article{Lawson1987,
    author = {Lawson, Charles L.},
    title = {Properties of N-dimensional Triangulations},
    journal = {Comput. Aided Geom. Des.},
    issue_date = {1987},
    volume = {3},
    number = {4},
    month = jan,
    year = {1987},
    issn = {0167-8396},
    pages = {231--246},
    numpages = {16},
    url = {http://dx.doi.org/10.1016/0167-8396(86)90001-4},
    doi = {10.1016/0167-8396(86)90001-4},
    acmid = {31520},
    publisher = {Elsevier Science Publishers B. V.},
    address = {Amsterdam, The Netherlands, The Netherlands},
} 

@inproceedings{Edelsbrunner1992,
    author = {Edelsbrunner, H. and Shah, N. R.},
    title = {Incremental Topological Flipping Works for Regular Triangulations},
    booktitle = {Proceedings of the Eighth Annual Symposium on Computational Geometry},
    series = {SCG '92},
    year = {1992},
    isbn = {0-89791-517-8},
    location = {Berlin, Germany},
    pages = {43--52},
    numpages = {10},
    url = {http://doi.acm.org/10.1145/142675.142688},
    doi = {10.1145/142675.142688},
    acmid = {142688},
    publisher = {ACM},
    address = {New York, NY, USA},
} 

@inproceedings{Shewchuk2003,
    author = {Shewchuk, Jonathan Richard},
    title = {Updating and Constructing Constrained Delaunay and Constrained Regular Triangulations by Flips},
    booktitle = {Proceedings of the Nineteenth Annual Symposium on Computational Geometry},
    series = {SCG '03},
    year = {2003},
    isbn = {1-58113-663-3},
    location = {San Diego, California, USA},
    pages = {181--190},
    numpages = {10},
    url = {http://doi.acm.org/10.1145/777792.777821},
    doi = {10.1145/777792.777821},
    acmid = {777821},
    publisher = {ACM},
    address = {New York, NY, USA},
    keywords = {bistellar flip, constrained delaunay triangulation},
} 

@inproceedings{Mucke1996,
    author = {M\"{u}cke, Ernst P. and Saias, Isaac and Zhu, Binhai},
    title = {Fast Randomized Point Location Without Preprocessing in Two- and Three-dimensional Delaunay Triangulations},
    booktitle = {Proceedings of the Twelfth Annual Symposium on Computational Geometry},
    series = {SCG '96},
    year = {1996},
    isbn = {0-89791-804-5},
    location = {Philadelphia, Pennsylvania, USA},
    pages = {274--283},
    numpages = {10},
    url = {http://doi.acm.org/10.1145/237218.237396},
    doi = {10.1145/237218.237396},
    acmid = {237396},
    publisher = {ACM},
    address = {New York, NY, USA},
} 

@inproceedings{Devillers2001,
    author = {Devillers, Olivier and Pion, Sylvain and Teillaud, Monique},
    title = {Walking in a Triangulation},
    booktitle = {Proceedings of the Seventeenth Annual Symposium on Computational Geometry},
    series = {SCG '01},
    year = {2001},
    isbn = {1-58113-357-X},
    location = {Medford, Massachusetts, USA},
    pages = {106--114},
    numpages = {9},
    url = {http://doi.acm.org/10.1145/378583.378643},
    doi = {10.1145/378583.378643},
    acmid = {378643},
    publisher = {ACM},
    address = {New York, NY, USA},
} 

@article{Engwirda2015,
    title = "Voronoi-based Point-placement for Three-dimensional Delaunay-refinement",
    journal = "Procedia Engineering",
    volume = "124",
    number = "",
    pages = "330 - 342",
    year = "2015",
    note = "",
    issn = "1877-7058",
    doi = "http://dx.doi.org/10.1016/j.proeng.2015.10.143",
    url = "http://www.sciencedirect.com/science/article/pii/S1877705815032440",
    author = "Darren Engwirda",
    keywords = "Three-dimensional mesh generation",
    keywords = "Delaunay-refinement",
    keywords = "Advancing-front",
    keywords = "Frontal-Delaunay",
    keywords = "Off-centres",
    abstract = "An extension of the restricted Delaunay-refinement algorithm for three-dimensional tetrahedral mesh generation is described, in which an off-centre type point-placement scheme is utilised. It is shown that the use of generalised Steiner points, positioned along edges in the associated Voronoi complex, typically leads to improvements in the overall size, quality and grading of the resulting tetrahedral meshes. The new algorithm can be viewed as a Frontal-Delaunay approach – a hybridisation of conventional Delaunay-refinement and advancing-front techniques, in which new vertices are positioned to satisfy both element size- and shape- constraints. The new method is shown to inherit many of the best features of classical Delaunay-refinement and advancing-front type algorithms, combining good practical performance with theoretical robustness. Experimental comparisons show that the new method outperforms classical Delaunay-refinement techniques for a number of three-dimensional benchmark problems."
}

@incollection{Lawson1977,
    address = {New York},
    author = {Lawson, C. L.},
    citeulike-article-id = {6367083},
    editor = {Rice, J. R.},
    keywords = {mathematics, visualization},
    pages = {161--194},
    posted-at = {2009-12-11 22:52:09},
    priority = {0},
    publisher = {Academic Press},
    title = {Mathematical Software III, Software for C1 surface interpolation},
    year = {1977}
}


@article{Joe1989,
    author = {Joe, Barry},
    title = {Three-dimensional Triangulations from Local Transformations},
    journal = {SIAM J. Sci. Stat. Comput.},
    issue_date = {July 1989},
    volume = {10},
    number = {4},
    month = jul,
    year = {1989},
    issn = {0196-5204},
    pages = {718--741},
    numpages = {24},
    url = {http://dx.doi.org/10.1137/0910044},
    doi = {10.1137/0910044},
    acmid = {64931},
    publisher = {Society for Industrial and Applied Mathematics},
    address = {Philadelphia, PA, USA},
} 

@article{Joe1991,
    author = {Joe, Barry},
    title = {Construction of Three-dimensional Delaunay Triangulations Using Local Transformations},
    journal = {Comput. Aided Geom. Des.},
    issue_date = {May 1991},
    volume = {8},
    number = {2},
    month = may,
    year = {1991},
    issn = {0167-8396},
    pages = {123--142},
    numpages = {20},
    url = {http://dx.doi.org/10.1016/0167-8396(91)90038-D},
    doi = {10.1016/0167-8396(91)90038-D},
    acmid = {116116},
    publisher = {Elsevier Science Publishers B. V.},
    address = {Amsterdam, The Netherlands, The Netherlands},
    keywords = {3-D triangulation, Delaunay triangulation, Voronoi tessellation, computational geometry, mesh generation},
} 

@inproceedings{Dobkin1987,
 author = {Dobkin, D. P. and Laszlo, M. J.},
 title = {Primitives for the Manipulation of Three-dimensional Subdivisions},
 booktitle = {Proceedings of the Third Annual Symposium on Computational Geometry},
 series = {SCG '87},
 year = {1987},
 isbn = {0-89791-231-4},
 location = {Waterloo, Ontario, Canada},
 pages = {86--99},
 numpages = {14},
 url = {http://doi.acm.org/10.1145/41958.41967},
 doi = {10.1145/41958.41967},
 acmid = {41967},
 publisher = {ACM},
 address = {New York, NY, USA},
} 

@MISC{Yap94theexact,
    author = {Chee Yap and Thomas Dubé},
    title = {The Exact Computation Paradigm},
    year = {1994}
}